<record><leader>00000cas a22000007a 4500</leader><controlfield tag="001">9709552</controlfield><controlfield tag="008">830716d18331836ohuwr ne      0    0eng d</controlfield><controlfield tag="009">3783</controlfield><datafield ind1=" " ind2=" " tag="010"><subfield code="a">sn 83035344 </subfield></datafield><datafield ind1=" " ind2=" " tag="040"><subfield code="a">NPY</subfield><subfield code="b">eng</subfield><subfield code="c">NPY</subfield><subfield code="d">ONP</subfield><subfield code="d">DLC</subfield><subfield code="d">OCLCG</subfield></datafield><datafield ind1="1" ind2=" " tag="029"><subfield code="a">AU@</subfield><subfield code="b">000025840846</subfield></datafield><datafield ind1=" " ind2=" " tag="042"><subfield code="a">msc</subfield></datafield><datafield ind1="0" ind2="0" tag="245"><subfield code="a">Western telegraph and Butler County Ohio advertiser.</subfield></datafield><datafield ind1=" " ind2=" " tag="260"><subfield code="a">Rossville, [Ohio] :</subfield><subfield code="b">Taylor Webster,</subfield></datafield><datafield ind1=" " ind2=" " tag="300"><subfield code="a">v. ;</subfield><subfield code="c">56 cm.</subfield></datafield><datafield ind1=" " ind2=" " tag="310"><subfield code="a">Weekly</subfield></datafield><datafield ind1="1" ind2=" " tag="362"><subfield code="a">Ceased between Aug. 26 and Dec. 9, 1836.</subfield></datafield><datafield ind1="0" ind2=" " tag="362"><subfield code="a">New ser., v. 6, no. 42 (Aug. 16, 1833)-</subfield></datafield><datafield ind1=" " ind2=" " tag="500"><subfield code="a">"Democratic." Cf. Gutgesell, S.  Guide to Ohio newspapers, 1974.</subfield></datafield><datafield ind1=" " ind2=" " tag="500"><subfield code="a">Continues the numbering of: Hamilton telegraph and Butler County advertiser.</subfield></datafield><datafield ind1="1" ind2=" " tag="700"><subfield code="a">Webster, Taylor,</subfield><subfield code="d">1800-1876.</subfield></datafield><datafield ind1=" " ind2=" " tag="752"><subfield code="a">United States</subfield><subfield code="b">Ohio</subfield><subfield code="c">Butler</subfield><subfield code="d">Rossville.</subfield></datafield><datafield ind1=" " ind2=" " tag="752"><subfield code="a">United States</subfield><subfield code="b">Ohio</subfield><subfield code="c">Butler</subfield><subfield code="d">Hamilton.</subfield></datafield><datafield ind1="0" ind2="0" tag="780"><subfield code="t">Western telegraph and Ohio Butler County advertiser</subfield><subfield code="w">(DLC)sn 91069551</subfield></datafield><datafield ind1="0" ind2="0" tag="785"><subfield code="t">Western telegraph (Rossville, Ohio : 1836)</subfield><subfield code="w">(DLC)sn 83035345</subfield></datafield></record>